2970 5182
730 518 750 580 6

261 691 411 757 Socrates
436 706 555 780 autem,
580 693 693 779 quiid
718 695 920 779 potissimum
946 695 1076 779 agebat,
1109 704 1144 759 ut
1167 719 1201 759 se
1224 697 1331 781 ipsum

152 799 174 863 i.
200 822 227 864 e.
253 801 396 864 animum
431 824 525 863 suum
556 801 624 864 sire
649 802 832 866 subiectum
867 802 1034 886 cogitandi
1063 811 1095 866 ct
1125 802 1247 885 agendi
1280 826 1331 866 eo·

152 916 336 990 gnosceret,
361 908 484 992 primus
502 907 673 991 intellexit,
698 931 806 972 rerum
824 910 997 973 essentiam
1012 910 1144 973 notione
1158 911 1286 994 concipi
1300 924 1332 973 et
1391 906 1396 916 ’

153 1012 343 1077 defiuitione
357 1014 568 1078 determinari
591 1014 742 1099 hancque
766 1015 966 1079 inductionis
991 1017 1048 1084 ria
1072 1016 1221 1080 inveniri.
1256 1015 1331 1096 Qua

153 1119 287 1204 <pridem
311 1121 496 1204 cognitione
520 1119 615 1184 simul
639 1121 805 1204 cognitum
836 1130 907 1184 crat
937 1146 1044 1186 rerum
1071 1123 1244 1186 essentiam
1267 1145 1332 1185 non

153 1249 307 1290 sensuum
330 1227 388 1290 sed
411 1228 546 1291 rationis
569 1229 602 1290 ri
627 1226 813 1315 intellegis-'J

260 1332 352 1398 Plato
366 1333 524 1398 Heracliti
549 1336 710 1399 sententia
735 1335 860 1418 ditatus,
886 1336 942 1420 qui
965 1335 1073 1399 onmia
1089 1336 1208 1400 mutari
1232 1345 1331 1420 atque
1422 1423 1425 1427 ἠ

153 1439 246 1503 fluxa
270 1463 340 1504 esse
373 1444 485 1526 (πάντα
509 1444 566 1528 [3;ῐ)
590 1441 743 1527 nulloque
768 1441 863 1505 ruodo
895 1441 957 1505 sibi
991 1452 1141 1506 constare
1167 1443 1331 1506 existima-

154 1556 258 1629 verat,
291 1569 342 1610 res
366 1547 535 1612 sensibiles
559 1571 637 1613 vera
661 1571 725 1612 non
750 1549 903 1632 cognosci
926 1557 1026 1632 ratus,
1052 1549 1227 1613 essentiam
1249 1548 1332 1612 ideis

153 1653 279 1737 tribuit,
304 1678 384 1739 quas
409 1679 429 1718 a
452 1655 550 1719 rebus
574 1656 653 1740 ipsis
677 1665 849 1740 separatas
874 1657 907 1718 in
937 1679 971 1719 se
995 1665 1027 1720 et
1049 1679 1108 1740 per
1132 1679 1166 1720 se
1191 1656 1331 1719 existere

155 1758 274 1825 docuit.
323 1762 406 1826 (lum
431 1771 540 1827 autem
564 1770 704 1847 putaret,
729 1785 746 1825 e
770 1762 867 1826 rebus
893 1762 1075 1845 sensilibus,
1101 1762 1223 1847 quippe
1247 1785 1330 1847 quae

154 1866 273 1931 similes
298 1869 430 1953 (pridem
453 1869 535 1933 ideis
560 1878 676 1953 essent,
701 1871 805 1954 ipsam
830 1892 908 1933 rere
933 1892 1045 1934 earum
1068 1869 1242 1933 veritatem
1265 1891 1331 1931 non

154 1973 364 2058 attingerent,
396 1977 542 2060 ipsarum
566 1976 716 2041 idearum
740 1976 961 2058 cognitionem
988 1976 1111 2040 hauriri
1135 1999 1200 2040 non
1225 1998 1330 2060 posse,

152 2079 301 2145 hasnon
335 2083 390 2147 via
421 2084 627 2167 inductionis
652 2084 736 2147 sicut
757 2084 908 2147 Socrates
941 2083 1089 2146 notiones
1113 2082 1252 2146 inveniri
1276 2104 1336 2145 vo:

153 2186 268 2275 luerat,
304 2189 361 2252 sed
395 2191 510 2254 mentis
535 2213 635 2275 opera
659 2190 787 2274 concipi
811 2190 932 2272 statuit,
968 2190 1089 2274 quippe
1122 2212 1206 2274 quae
1229 2189 1331 2271 ideas,

154 2304 332 2380 antequam
356 2319 429 2360 cunr
454 2320 590 2382 corpore
614 2298 787 2361 coniuncta
818 2308 911 2379 esset,
945 2297 1169 2381 conspexisset
1192 2296 1331 2381 ideoque

155 2425 172 2464 e
197 2424 306 2466 rerum
324 2402 534 2468 similitudine
551 2414 811 2488 recognosceret.
860 2404 934 2484 Qua
959 2403 1000 2467 cle
1025 2425 1124 2467 causa
1149 2403 1275 2466 discere
1299 2413 1331 2465 ct

154 2509 318 2573 reminisci
343 2510 432 2595 apud
455 2511 625 2575 Platonem
649 2511 736 2574 idem
761 2521 818 2576 est.
833 2517 856 2593 3)

264 2617 357 2681 Haec
380 2618 448 2680 fere
473 2617 655 2702 philosophi
679 2616 735 2701 illi,
770 2619 825 2702 qui
850 2629 926 2682 aitte
949 2617 1159 2681 Aristotelem
1188 2617 1330 2697 fuerunt,

156 2722 198 2786 dc
215 2733 326 2787 nostra
342 2724 532 2809 quaestione
550 2736 728 2789 senserunt.
777 2725 843 2788 scd
860 2733 1036 2811 antequam
1053 2746 1226 2808 exponam,
1252 2722 1331 2806 quid

156 2829 348 2894 Aristotcles
366 2830 406 2894 cle
423 2831 528 2907 οὐσίας
546 2831 732 2915 cognitione
749 2831 955 2914 cogitaverit,
979 2839 1015 2893 ut
1030 2828 1158 2893 facilius
1176 2830 1243 2892 eius
1261 2851 1331 2891 sen-

154 2937 290 3000 tentiam
321 2938 531 3022 attingamus,
567 2939 680 3023 paucis
715 2938 890 3002 dicendum
914 2958 983 3000 esse
1008 2935 1149 3020 videtur,
1186 2934 1265 3021 quid
1290 2934 1331 2998 de

153 3044 226 3128 ipsa
251 3044 355 3120 οὒοίας
380 3046 512 3109 notione
529 3047 688 3109 statuerit.

265 3253 292 3314 a)
312 3254 379 3307 iter.
399 3240 479 3308 aare
502 3254 593 3320 rsqq.
613 3254 680 3308 rua
694 3253 779 3320 xur,
798 3254 829 3321 a:
852 3254 921 3307 nus
934 3253 952 3306 u
967 3253 1015 3319 ru
1035 3251 1100 3305 reru
1121 3250 1207 3304 1227:
1227 3246 1270 3299 aa
1282 3248 1331 3318 [ορ

154 3344 224 3395 ἐστιν.
245 3341 262 3391 ἄ
280 3357 316 3401 τις
335 3338 443 3412 ἀποδοίη
463 3339 588 3410 Σωκράτει
607 3340 718 3402 δικαίως,
737 3342 793 3402 τοὺς
813 3340 834 3391 τ’
853 3340 998 3400 ἐπακτικοὺς
1017 3338 1107 3408 λόγους
1135 3337 1178 3388 καὶ
1204 3337 1230 3387 τὸ
1251 3334 1332 3406 ὁρίζε-

155 3429 217 3479 enar.
236 3428 359 3480 καθόλου.

262 3519 291 3584 3)
310 3519 384 3573 Plat.
416 3519 533 3574 Phaedo
565 3535 592 3587 p.
620 3520 662 3586 72,
694 3519 716 3572 E
746 3533 809 3585 sqq.
846 3519 930 3572 lieno
959 3520 992 3572 81
1022 3518 1046 3572 Ι)
1076 3532 1139 3584 sqq.
1177 3517 1332 3570 Phaedrus

157 3623 182 3675 p.
203 3609 255 3662 Μ)
275 3608 306 3661 Β.
327 3623 390 3675 Sqq.
